<record><leader>00000cas a22000007a 4500</leader><controlfield tag="001">16784440</controlfield><controlfield tag="008">870930d18761904iauwr ne      0    0eng d</controlfield><datafield ind1=" " ind2=" " tag="010"><subfield code="a">sn 87058646 </subfield></datafield><datafield ind1=" " ind2=" " tag="040"><subfield code="a">INP</subfield><subfield code="b">eng</subfield><subfield code="c">INP</subfield><subfield code="d">OCLCQ</subfield></datafield><datafield ind1=" " ind2=" " tag="042"><subfield code="a">msc</subfield></datafield><datafield ind1="0" ind2=" " tag="130"><subfield code="a">Sioux City tribune (Sioux City, Iowa : 1876)</subfield></datafield><datafield ind1="1" ind2="0" tag="245"><subfield code="a">Sioux City tribune.</subfield></datafield><datafield ind1=" " ind2=" " tag="260"><subfield code="a">Sioux City, Iowa :</subfield><subfield code="b">Warner &amp; Gore,</subfield><subfield code="c">1876-</subfield></datafield><datafield ind1=" " ind2=" " tag="300"><subfield code="a">v.</subfield></datafield><datafield ind1=" " ind2=" " tag="310"><subfield code="a">Weekly</subfield></datafield><datafield ind1="0" ind2=" " tag="362"><subfield code="a">Vol. 1, no. 1 (Mar. 24, 1876)-</subfield></datafield><datafield ind1="1" ind2=" " tag="362"><subfield code="a">Ceased in 1904?</subfield></datafield><datafield ind1=" " ind2=" " tag="752"><subfield code="a">United States</subfield><subfield code="b">Iowa</subfield><subfield code="c">Woodbury</subfield><subfield code="d">Sioux City.</subfield></datafield><datafield ind1="0" ind2=" " tag="775"><subfield code="t">Sioux City daily tribune</subfield><subfield code="w">(DLC)sn 87057887</subfield></datafield><datafield ind1="0" ind2=" " tag="775"><subfield code="t">Sioux City tribune (Sioux City, Iowa : 1891)</subfield><subfield code="w">(DLC)sn 84027314</subfield></datafield><datafield ind1="0" ind2="0" tag="780"><subfield code="t">Sioux City times</subfield><subfield code="w">(DLC)sn 87058645</subfield></datafield></record>